@book{Hatcher_2002, title={Algebraic Topology}, publisher={Cambridge University Press}, author={Hatcher, Allen}, year={2002}} 
@misc{Schwartz_2007, title={Mobius Transformations and Circles}, author={Schwartz, Rich}, year={2007}} 
@misc{Series_Maloni_2013, title={Hyperbolic Geometry}, journal={MA 448}, author={Series, Caroline and Maloni, Sara}, year={2013}} 